@misc{market_share:0,
	title={Desktop Operating System Market Share Worldwide},
	howpublished={\url{https://gs.statcounter.com/os-market-share/desktop/worldwide}},
	note={[Online; information from June-2021]}
}
@misc{tiny_core:0,
	title={Tiny Core Linux Frequently Asked Questions (FAQ)},
	howpublished={\url{http://distro.ibiblio.org/tinycorelinux/faq.html#req}},
	year={2020},
	month={Apr},
	note={[Online; accessed 11-July-2021]}
}
@misc{aur:0,
	title={Arch Linux User Repository},
	howpublished={\url{https://aur.archlinux.org/}},
	year={2021},
	month={Jul},
	note={[Online; accessed 11-July-2021]}
}